<?xml version="1.0" encoding="UTF-8"?><collection xmlns="http://www.loc.gov/MARC21/slim"><record><leader>00586nam--2200181-i-4500</leader><controlfield tag="001">000033142</controlfield><controlfield tag="002">20161230</controlfield><controlfield tag="005">20161230201039</controlfield><controlfield tag="008">060222s1000------------r-----000-0-fre-d</controlfield><datafield ind1=" " ind2=" " tag="040"><subfield code="a">IFIN-HH</subfield></datafield><datafield ind1=" " ind2=" " tag="041"><subfield code="a">fre</subfield></datafield><datafield ind1=" " ind2=" " tag="080"><subfield code="a">533.9(043)</subfield></datafield><datafield ind1="1" ind2=" " tag="100"><subfield code="a">Naoulo, Mohammed</subfield></datafield><datafield ind1="1" ind2="0" tag="245"><subfield code="a">Amplification parametrique en hyperfrequence dans les plasmas gazeus et les faisceaux electroniques.article principal recouvvrant en partie la these</subfield><subfield code="b">These</subfield><subfield code="c">Mohammed naoulo</subfield></datafield><datafield ind1=" " ind2=" " tag="260"><subfield code="a">Orsay</subfield><subfield code="b">Faculte Des Sciences D`Orsay</subfield><subfield code="c">1972</subfield></datafield><datafield ind1=" " ind2=" " tag="300"><subfield code="a">2p</subfield></datafield><datafield ind1=" " ind2=" " tag="852"><subfield code="a">40291</subfield><subfield code="c">533.9</subfield></datafield><datafield ind1=" " ind2=" " tag="CAT"><subfield code="a">Sys</subfield><subfield code="c">20110114</subfield><subfield code="h">101920</subfield></datafield></record></collection>